<record><leader>00000cas a22000007a 4500</leader><controlfield tag="001">15004555</controlfield><controlfield tag="008">861223d18661871inuwr ne      0    0eng d</controlfield><datafield ind1=" " ind2=" " tag="010"><subfield code="a">sn 86083459 </subfield></datafield><datafield ind1=" " ind2=" " tag="040"><subfield code="a">NPH</subfield><subfield code="b">eng</subfield><subfield code="c">NPH</subfield><subfield code="d">NPI</subfield><subfield code="d">OCLCQ</subfield><subfield code="d">IUL</subfield><subfield code="d">OCLCF</subfield></datafield><datafield ind1=" " ind2=" " tag="042"><subfield code="a">msc</subfield></datafield><datafield ind1=" " ind2=" " tag="043"><subfield code="a">n-us-in</subfield></datafield><datafield ind1="0" ind2="0" tag="245"><subfield code="a">Jay and Adams Republican.</subfield></datafield><datafield ind1=" " ind2=" " tag="260"><subfield code="a">Jay Court-House [i.e. Portland] Ind. :</subfield><subfield code="b">Jos. E. Jones,</subfield><subfield code="c">1866-1871.</subfield></datafield><datafield ind1=" " ind2=" " tag="300"><subfield code="a">volumes</subfield></datafield><datafield ind1=" " ind2=" " tag="310"><subfield code="a">Weekly</subfield></datafield><datafield ind1="0" ind2=" " tag="362"><subfield code="a">Vol. 1, no. 41 (May 31, 1866)-v. 7, no. 15 (Dec. 7, 1871).</subfield></datafield><datafield ind1=" " ind2="0" tag="651"><subfield code="a">Portland (Ind.)</subfield><subfield code="v">Newspapers.</subfield></datafield><datafield ind1=" " ind2="0" tag="651"><subfield code="a">Jay County (Ind.)</subfield><subfield code="v">Newspapers.</subfield></datafield><datafield ind1=" " ind2="0" tag="651"><subfield code="a">Adams County (Ind.)</subfield><subfield code="v">Newspapers.</subfield></datafield><datafield ind1=" " ind2="7" tag="651"><subfield code="a">Indiana</subfield><subfield code="z">Adams County.</subfield><subfield code="2">fast</subfield><subfield code="0">(OCoLC)fst01208878</subfield></datafield><datafield ind1=" " ind2="7" tag="651"><subfield code="a">Indiana</subfield><subfield code="z">Jay County.</subfield><subfield code="2">fast</subfield><subfield code="0">(OCoLC)fst01208876</subfield></datafield><datafield ind1=" " ind2="7" tag="651"><subfield code="a">Indiana</subfield><subfield code="z">Portland.</subfield><subfield code="2">fast</subfield><subfield code="0">(OCoLC)fst01235716</subfield></datafield><datafield ind1=" " ind2="7" tag="655"><subfield code="a">Newspapers.</subfield><subfield code="2">fast</subfield><subfield code="0">(OCoLC)fst01423814</subfield></datafield><datafield ind1=" " ind2=" " tag="752"><subfield code="a">United States</subfield><subfield code="b">Indiana</subfield><subfield code="c">Jay</subfield><subfield code="d">Portland.</subfield></datafield><datafield ind1=" " ind2=" " tag="752"><subfield code="a">United States</subfield><subfield code="b">Indiana</subfield><subfield code="c">Adams.</subfield></datafield><datafield ind1="0" ind2="0" tag="780"><subfield code="t">Jay County Republican (Portland, Ind. : 1865)</subfield><subfield code="w">(DLC)sn 87056776</subfield><subfield code="w">(OCoLC)16857048</subfield></datafield><datafield ind1="0" ind2="0" tag="785"><subfield code="t">Portland commercial</subfield><subfield code="w">(DLC)sn 84038007</subfield><subfield code="w">(OCoLC)11175795</subfield></datafield></record>